<?xml version="1.0" encoding="UTF-8"?><collection xmlns="http://www.loc.gov/MARC21/slim"><record><leader>00741nam--2200205-i-4500</leader><controlfield tag="001">000016911</controlfield><controlfield tag="002">20161230</controlfield><controlfield tag="005">20161230201032</controlfield><controlfield tag="008">060222s1000------------r-----000-0-eng-d</controlfield><datafield ind1=" " ind2=" " tag="020"><subfield code="a">9971950901</subfield></datafield><datafield ind1=" " ind2=" " tag="040"><subfield code="a">IFIN-HH</subfield></datafield><datafield ind1=" " ind2=" " tag="080"><subfield code="a">539.142.3(061.3)</subfield></datafield><datafield ind1="1" ind2=" " tag="100"><subfield code="a">Engeland, T./S.A.</subfield></datafield><datafield ind1="1" ind2="0" tag="245"><subfield code="a">Collective phenomena in atomic nuclei</subfield><subfield code="b">Volume 2 international review of nuclear physics 1984 proceedings of the nordic winter school on nuclear physics hemsedal, norway, 10-21 april 1983</subfield><subfield code="c">T. engeland, j. rekstad, j.s. vaagen (eds.)</subfield></datafield><datafield ind1=" " ind2=" " tag="260"><subfield code="a">Singapore</subfield><subfield code="b">World Scientific</subfield><subfield code="c">1984</subfield></datafield><datafield ind1=" " ind2=" " tag="300"><subfield code="a">474P</subfield></datafield><datafield ind1=" " ind2=" " tag="490"><subfield code="a">Nternational Review Of Nuclear Physics</subfield></datafield><datafield ind1="1" ind2=" " tag="700"><subfield code="a">Vaagen, J.S</subfield><subfield code="e">Ed</subfield></datafield><datafield ind1=" " ind2=" " tag="852"><subfield code="a">79153</subfield><subfield code="c">539.14</subfield></datafield><datafield ind1=" " ind2=" " tag="CAT"><subfield code="a">Sys</subfield><subfield code="c">20120406</subfield><subfield code="h">110638</subfield></datafield></record></collection>